@inproceedings{origin,
  author    = {unknown},
  title     = {THU Beamer Theme},
  year      = {2015},
  booktitle = {unknown},
  url       = {http://far.tooold.cn/post/latex/beamertsinghua},
}In Cinderella
@misc{baidubaike,
  author       = {unknown},
  howpublished = {online},
  title        = {格林兄弟-百度百科},
  year         = {2013},
  url = {https://baike.baidu.com/item/%E6%A0%BC%E6%9E%97%E5%85%84%E5%BC%9F/43296},
}
@misc{wikipedia,
  author       = {wikipedia},
  howpublished = {online},
  title        = {格林兄弟-维基百科},
  year         = {2022},
  url = {https://zh.wikipedia.org/wiki/%E6%A0%BC%E6%9E%97%E5%85%84%E5%BC%9F},
}