@article{folsom2005impact,
  title     = {Impact of a career planning course on academic performance and graduation rate},
  author    = {Folsom, Byron and Peterson, Gary W and Reardon, Robert C and Mann, Barbara A},
  journal   = {Journal of College Student Retention: Research, Theory and Practice},
  volume    = {6},
  number    = {4},
  pages     = {461--473},
  year      = {2005},
  publisher = {Sage Publications Sage CA: Los Angeles, CA},
  url       = {https://journals.sagepub.com/doi/abs/10.2190/4WJ2-CJL1-V9DP-HBMF?journalCode=csra}
}

@article{negru2016longitudinal,
  title     = {Longitudinal links between career adaptability and academic achievement in adolescence},
  author    = {Negru-Subtirica, Oana and Pop, Eleonora Ioana},
  journal   = {Journal of Vocational Behavior},
  volume    = {93},
  pages     = {163--170},
  year      = {2016},
  publisher = {Elsevier},
  url       = {https://www.sciencedirect.com/science/article/abs/pii/S000187911630}
}

@article{lent1986self,
  title     = {Self-efficacy in the prediction of academic performance and perceived career options.},
  author    = {Lent, Robert W and Brown, Steven D and Larkin, Kevin C},
  journal   = {Journal of counseling psychology},
  volume    = {33},
  number    = {3},
  pages     = {265},
  year      = {1986},
  publisher = {American Psychological Association},
  url       = {https://psycnet.apa.org/record/1986-28617-001}
}

@book{jones1983impact,
  title     = {The impact of a career planning workshop on freshman student participants on short-term retention, first semester grade point average and questionnaire responses},
  author    = {JONES, SHIRLEY MAXWELL},
  year      = {1983},
  publisher = {Mississippi State University},
  url       = {https://www.proquest.com/openview/68fd88db492035336c76f1be09f1d18d/1?pq-origsite=gscholar&cbl=18750&diss=y}
}

@article{sapra2021study,
  title     = {A study on career aspirations and its relationship with the academic performance of undergraduate management students: are they realistic?},
  author    = {Sapra, Jayashree and Chaudhary, Mona and Jeswal, Ruchika},
  journal   = {International Journal of Education Economics and Development},
  volume    = {12},
  number    = {3},
  pages     = {253--266},
  year      = {2021},
  publisher = {Inderscience Publishers (IEL)},
  url       = {https://www.inderscienceonline.com/doi/abs/10.1504/IJEED.2021.115598}
}

@article{timmons2005career,
  title     = {Career Planning Begins with Assessment (NCSET Teleconference)},
  author    = {Timmons, Joe and Podmostko, Mary},
  year      = {2005},
  publisher = {University of Minnesota, Institute on Community Integration, National Center~â€¦},
  url       = {https://conservancy.umn.edu/bitstream/handle/11299/173356/2005_10.pdf;sequence=1}
}
